<?xml version="1.0" encoding="UTF-8"?><collection xmlns="http://www.loc.gov/MARC21/slim"><record><leader>00692nam--2200181-i-4500</leader><controlfield tag="001">000001654</controlfield><controlfield tag="002">20161230</controlfield><controlfield tag="005">20161230201024</controlfield><controlfield tag="008">060222s1000------------r-----000-0-fre-d</controlfield><datafield ind1=" " ind2=" " tag="040"><subfield code="a">IFIN-HH</subfield></datafield><datafield ind1=" " ind2=" " tag="041"><subfield code="a">fre</subfield></datafield><datafield ind1=" " ind2=" " tag="080"><subfield code="a">539.123:539.1.074.3</subfield></datafield><datafield ind1="1" ind2=" " tag="100"><subfield code="a">Frehaut, J</subfield></datafield><datafield ind1="1" ind2="0" tag="245"><subfield code="a">Etude detaille de l'importance du bruit de fond pour une determination precise de par la technique du gros scintillateur liquide</subfield><subfield code="b">Paper presented at the national siviet conference on neutrons physics (kiev, may 28-june 1, 1973)</subfield><subfield code="c">J. frehaut</subfield></datafield><datafield ind1=" " ind2=" " tag="260"><subfield code="a">Bruyeres-le-chatel</subfield><subfield code="b">Service De Physique Nucleaire</subfield><subfield code="c">1973</subfield></datafield><datafield ind1=" " ind2=" " tag="300"><subfield code="a">9 P. + 2 FIG</subfield></datafield><datafield ind1=" " ind2=" " tag="852"><subfield code="a">39153</subfield><subfield code="c">539.1.07:539.1.08</subfield></datafield><datafield ind1=" " ind2=" " tag="CAT"><subfield code="a">Sys</subfield><subfield code="c">20111025</subfield><subfield code="h">144004</subfield></datafield></record></collection>